% Encoding: UTF-8
%% This BibTeX bibliography file was created using BibDesk.
%% http://bibdesk.sourceforge.net/


%% Created for Matthias Geissbühler at 2011-03-21 13:46:46 +0100 


%% Saved with string encoding Unicode (UTF-8) 

@misc{asirt, 
	title={Road Crash Statistics}, 
	url={http://asirt.org/initiatives/informing-road-users/road-safety-facts/road-crash-statistics}, 
	urldate = {2017-05-15},
	journal={ASIRT}
}

@article{karagiannis2011vehicular,
	title={Vehicular networking: A survey and tutorial on requirements, architectures, challenges, standards and solutions},
	author={Karagiannis, Georgios and Altintas, Onur and Ekici, Eylem and Heijenk, Geert and Jarupan, Boangoat and Lin, Kenneth and Weil, Timothy},
	journal={IEEE communications surveys \& tutorials},
	volume={13},
	number={4},
	pages={584--616},
	year={2011},
	publisher={IEEE}
}

@misc{canada, 
	title={Canada Population (LIVE)}, 
	url={http://www.worldometers.info/world-population/canada-population/}, 
	journal={Canada Population (2017) - Worldometers},
urldate={2017-05-27}}

@misc{who,
	title = {Global status report on road safety 2013: supporting a	decade of action},
	url = {http://www.who.int/violence_injury_prevention/road_traffic/en/},
	urldate = {2017-05-15},
	journal={World Health Organization}
}

@MASTERSTHESIS {davidleonardorenjifoherrera2016,
	author = "David Leonardo Renjifo Herrera",
	title  = "SIMULATION OF BASIC MULTI-HOP BROADCAST TECHNIQUES IN VEHICULAR Ad-Hoc NETWORKS USING VEINS SIMULATOR",
	school = "Universitat Politècnica de Catalunya",
	year   = "2016"
}

@inproceedings{sanguesa2014topology,
	title={Topology-based broadcast schemes for urban scenarios targeting adverse density conditions},
	author={Sanguesa, Julio A and Fogue, Manuel and Garrido, Piedad and Martinez, Francisco J and Cano, Juan-Carlos and Calafate, Carlos T},
	booktitle={Wireless Communications and Networking Conference (WCNC), 2014 IEEE},
	pages={2528--2533},
	year={2014},
	organization={IEEE}
}

@article{sanguesa2014using,
	title={Using topology and neighbor information to overcome adverse vehicle density conditions},
	author={Sanguesa, Julio A and Fogue, Manuel and Garrido, Piedad and Martinez, Francisco J and Cano, Juan-Carlos and Calafate, Carlos T},
	journal={Transportation research part C: emerging technologies},
	volume={42},
	pages={1--13},
	year={2014},
	publisher={Elsevier}
}

@Article{Sanguesa_2016,
  author    = {Julio A. Sanguesa and Manuel Fogue and Piedad Garrido and Francisco J. Martinez and Juan-Carlos Cano and Carlos T. Calafate},
  title     = {A Survey and Comparative Study of Broadcast Warning Message Dissemination Schemes for {VANETs}},
  journal   = {Mobile Information Systems},
  year      = {2016},
  volume    = {2016},
  pages     = {1--18},
  doi       = {10.1155/2016/8714142},
  publisher = {Hindawi Publishing Corporation},
}

@Article{Tonguz_2010,
  author    = {Ozan Tonguz and Nawaporn Wisitpongphan and Fan Bai},
  title     = {{DV}-{CAST}: A distributed vehicular broadcast protocol for vehicular ad hoc networks},
  journal   = {{IEEE} Wireless Communications},
  year      = {2010},
  volume    = {17},
  number    = {2},
  pages     = {47--57},
  month     = {apr},
  doi       = {10.1109/mwc.2010.5450660},
  publisher = {Institute of Electrical and Electronics Engineers ({IEEE})},
}

@InProceedings{Sanguesa_2013,
  author    = {Julio Sanguesa and Manuel Fogue and Piedad Garrido and Francisco J. Martinez and Juan-Carlos Cano and Carlos T. Calafate and Pietro Manzoni},
  title     = {On the selection of optimal broadcast schemes in {VANETs}},
  booktitle = {Proceedings of the 16th {ACM} international conference on Modeling, analysis {\&} simulation of wireless and mobile systems - {MSWiM} {\textquotesingle}13},
  year      = {2013},
  publisher = {{ACM} Press},
  doi       = {10.1145/2507924.2507935},
}

@Article{Wisitpongphan_2007,
  author    = {Nawaporn Wisitpongphan and Ozan K. Tonguz and Jay Parikh and Priyantha Mudalige and Fan Bai and Varsha Sadekar},
  title     = {Broadcast storm mitigation techniques in vehicular ad hoc networks},
  journal   = {{IEEE} Wireless Communications},
  year      = {2007},
  volume    = {14},
  number    = {6},
  pages     = {84--94},
  month     = {dec},
  doi       = {10.1109/mwc.2007.4407231},
  publisher = {Institute of Electrical and Electronics Engineers ({IEEE})},
}

@Article{chitra2013efficient,
  author  = {Chitra, M and Sathya, S Siva},
  title   = {Efficient broadcasting mechanisms for data dissemination in vehicular ad hoc networks},
  journal = {International Journal of Mobile Network Communications \& Telematics (IJMNCT)},
  year    = {2013},
  volume  = {3},
  number  = {3},
  pages   = {47--63},
}

@PhdThesis{Tian2017,
  author = {Bin Tian},
  title  = {Data dissemination protocols and mobility model for {VANETs}},
  school = {Blaise Pascal - Clermont-Ferrand II},
  year   = {2017},
  type   = {phdthesis},
  url    = {https://tel.archives-ouvertes.fr/tel-01469693},
  urldate = {2017-03-13}
}

@TechReport{v2vfactsheet,
  author      = {U.S National Highway Traffic Safety Administration},
  title       = {{NHTSA ISSUES ADVANCE NOTICE OF PROPOSED RULEMAKING AND RESEARCH REPORT ON GROUND-BREAKING CRASH AVOIDANCE TECHNOLOGY: “VEHICLE-TO-VEHICLE COMMUNICATIONS: READINESS OF V2V TECHNOLOGY FOR APPLICATION”}},
  institution = {United States Department of Transportation},
  year        = {2014},
}

@Article{simsurvey,
  author    = {Francisco J. Martinez and Chai Keong Toh and Juan-Carlos Cano and Carlos T. Calafate and Pietro Manzoni},
  title     = {A survey and comparative study of simulators for vehicular ad hoc networks {(VANETs)}},
  journal   = {Wireless Communications and Mobile Computing},
  year      = {2009},
  volume    = {11},
  number    = {7},
  pages     = {813--828},
  month     = {oct},
  doi       = {10.1002/wcm.859},
  publisher = {Wiley-Blackwell},
}

@Book{tech,
  title     = {Vehicular Networking},
  publisher = {Cambridge University Press},
  year      = {2015},
  author    = {Christoph Sommer and Falko Dressler},
  doi       = {10.1017/cbo9781107110649},
}

@Misc{v2i,
  title     = {Vehicle-to-Infrastructure (V2I) Resources},
  url       = {https://www.its.dot.gov/v2i/index.htm},
  urldate = {2017-05-15},
}

@Misc{nhtsa,
  title     = {Vehicle to Vehicle Communications},
  url       = {https://www.nhtsa.gov/technology-innovation/vehicle-vehicle-communications},
  urldate = {2017-05-15},
}

@Misc{overviewomnet,
  title={{OMNeT} - Simulation Manual}, 
  url={https://omnetpp.org/doc/omnetpp/manual/}, 
  journal={OMNeT - Simulation Manual}, 
  author={Varga, Andras},
  urldate={2017-01-15}
}

@Misc{blindspot,
  title     = {Knowledge Centre: Blind Spot Detection},
  url       = {http://www.autoserviceworld.com/features/watching-cant-see/},
  urldate = {2017-05-15},
}

@Misc{interveh,
  title     = {GI/ITG KuVS Fachgespräch Inter-Vehicle Communication},
  url       = {http://fg-ivc.car2x.org/},
  urldate = {2017-05-15},
}

@Misc{ima,
  title     = {Example of V2V Intersection Movement Assist Warning scenario},
  url       = {https://icsw.nhtsa.gov/safercar/v2v/},
  urldate = {2017-05-15},
}

@Article{wave,
  author  = {Ahmed, Shereen AM and Ariffin, Sharifah HS and Fisal, Norsheila},
  title   = {Overview of wireless access in vehicular environment ({WAVE}) protocols and standards},
  journal = {Indian Journal of Science and Technology},
  year    = {2013},
  volume  = {6},
  number  = {7},
  pages   = {4994--5001},
}

@InProceedings{Wegener2017,
  author       = {Wegener, Axel and Pi{\'o}rkowski, Micha{\l} and Raya, Maxim and Hellbr{\"u}ck, Horst and Fischer, Stefan and Hubaux, Jean-Pierre},
  title        = {{TraCI}: an interface for coupling road traffic and network simulators},
  booktitle    = {Proceedings of the 11th communications and networking simulation symposium},
  year         = {2008},
  pages        = {155--163},
  organization = {ACM},
}

@inproceedings{behrisch2011sumo,
	title={{SUMO}--simulation of urban mobility: an overview},
	author={Behrisch, Michael and Bieker, Laura and Erdmann, Jakob and Krajzewicz, Daniel},
	booktitle={Proceedings of SIMUL 2011, The Third International Conference on Advances in System Simulation},
	year={2011},
	organization={ThinkMind}
}

@article{sommer2011bidirectionally,
	author = {Sommer, Christoph and German, Reinhard and Dressler, Falko},
	title = {{Bidirectionally Coupled Network and Road Traffic Simulation for Improved IVC Analysis}},
	journal = {IEEE Transactions on Mobile Computing},
	pages = {3-15},
	volume = {10},
	number = {1},
	year = {2011},
	month = {January},
	publisher = {IEEE},
	doi = {10.1109/TMC.2010.133},
}

@inproceedings{pongor1993omnet,
	title={Omnet: Objective modular network testbed},
	author={Pongor, Gy{\"o}rgy},
	booktitle={Proceedings of the International Workshop on Modeling, Analysis, and Simulation On Computer and Telecommunication Systems},
	pages={323--326},
	year={1993},
	organization={Society for Computer Simulation International}
}

@Misc{openstreetmap, 
	title={{OpenStreetMap}}, 
	url={http://www.openstreetmap.org/}, 
	journal={OpenStreetMap},
	urldate = {2017-03-26}
}

@Article{Dimitrakopoulos_2010,
  author    = {George Dimitrakopoulos and Panagiotis Demestichas},
  title     = {Intelligent Transportation Systems},
  journal   = {{IEEE} Vehicular Technology Magazine},
  year      = {2010},
  volume    = {5},
  number    = {1},
  pages     = {77--84},
  month     = {mar},
  doi       = {10.1109/mvt.2009.935537},
  publisher = {Institute of Electrical and Electronics Engineers ({IEEE})},
}

@Article{Martinez_2010,
  author    = {F J Martinez and Chai-Keong Toh and Juan-Carlos Cano and C T Calafate and P Manzoni},
  title     = {Emergency Services in Future Intelligent Transportation Systems Based on Vehicular Communication Networks},
  journal   = {{IEEE} Intelligent Transportation Systems Magazine},
  year      = {2010},
  volume    = {2},
  number    = {2},
  pages     = {6--20},
  doi       = {10.1109/mits.2010.938166},
  publisher = {Institute of Electrical and Electronics Engineers ({IEEE})},
}

@Article{Chitra_2013,
  author    = {M. Chitra and S. Siva Sathya},
  title     = {{EFFICIENT} {BROADCASTING} {MECHANISMS} {FOR} {DATA} {DISSEMINATION} {IN} {VEHICULAR} {AD} {HOC} {NETWORKS}},
  journal   = {International journal of Mobile Network Communications {\&} Telematics},
  year      = {2013},
  volume    = {3},
  number    = {3},
  pages     = {47--63},
  month     = {jun},
  doi       = {10.5121/ijmnct.2013.3306},
  publisher = {Academy and Industry Research Collaboration Center ({AIRCC})},
}

@inproceedings{xu2004vehicle,
	title={Vehicle-to-vehicle safety messaging in DSRC},
	author={Xu, Qing and Mak, Tony and Ko, Jeff and Sengupta, Raja},
	booktitle={Proceedings of the 1st ACM international workshop on Vehicular ad hoc networks},
	pages={19--28},
	year={2004},
	organization={ACM}
}

@inproceedings{torrent2005fair,
	title={Fair sharing of bandwidth in VANETs},
	author={Torrent-Moreno, Marc and Santi, Paolo and Hartenstein, Hannes},
	booktitle={Proceedings of the 2nd ACM international workshop on Vehicular ad hoc networks},
	pages={49--58},
	year={2005},
	organization={ACM}
}

@misc{asirt, 
	title={Road Crash Statistics}, 
	url={http://asirt.org/initiatives/informing-road-users/road-safety-facts/road-crash-statistics}, 
	urldate = {2017-05-15},
	journal={ASIRT}
}

@book{hofmann2012global,
	title={Global positioning system: theory and practice},
	author={Hofmann-Wellenhof, Bernhard and Lichtenegger, Herbert and Collins, James},
	year={2012},
	publisher={Springer Science \& Business Media}
}

@INPROCEEDINGS{5425636, 
	author={A. Boukerche and C. Rezende and R. W. Pazzi}, 
	booktitle={GLOBECOM 2009 - 2009 IEEE Global Telecommunications Conference}, 
	title={Improving Neighbor Localization in Vehicular Ad Hoc Networks to Avoid Overhead from Periodic Messages}, 
	year={2009}, 
	pages={1-6}, 
	keywords={Global Positioning System;ad hoc networks;mobile radio;protocols;GPS;neighbor localization;neighbour vehicle;protocols;vehicular ad hoc networks;Ad hoc networks;Bandwidth;Costs;Frequency;Global Positioning System;Laboratories;Network topology;Protocols;Road vehicles;Vehicle driving}, 
	doi={10.1109/GLOCOM.2009.5425636}, 
	ISSN={1930-529X}, 
	month={Nov},}

@INPROCEEDINGS{7297577, 
	author={S. M. Abuelenin and A. Y. Abul-Magd}, 
	booktitle={2014 International Conference on Connected Vehicles and Expo (ICCVE)}, 
	title={Empirical study of traffic velocity distribution and its effect on VANETs connectivity}, 
	year={2014}, 
	pages={391-395}, 
	keywords={Gaussian distribution;telecommunication traffic;vehicular ad hoc networks;Gaussian distribution;VANET;generalized extreme value distribution;probability distribution;traffic velocity distribution;vehicle velocities;vehicular ad-hoc networks;Gaussian distribution;Logistics;Probability density function;Random variables;Road transportation;Steady-state;Vehicles;VANETs;connectivity duration;inter-vehicular communications;probability distribution}, 
	doi={10.1109/ICCVE.2014.7297577}, 
	ISSN={2378-1289}, 
	month={Nov},}

@inproceedings{ranjan2011comparative,
	title={Comparative study of vanet and manet routing protocols},
	author={Ranjan, Prabhakar and Ahirwar, Kamal Kant},
	booktitle={Proc. of the International Conference on Advanced Computing and Communication Technologies (ACCT 2011)},
	pages={517--523},
	year={2011}
}

@article{ur2013vehicular,
	title={Vehicular Ad-Hoc Networks (VANETs)-An Overview and Challenges},
	author={ur Rehman, Sabih and Khan, M Arif and Zia, Tanveer A and Zheng, Lihong},
	journal={Journal of Wireless Networking and Communications},
	volume={3},
	number={3},
	pages={29--38},
	year={2013},
	publisher={Scientific \& Academic Publishing}
}

@inproceedings{varga2008overview,
	title={An overview of the OMNeT++ simulation environment},
	author={Varga, Andr{\'a}s and Hornig, Rudolf},
	booktitle={Proceedings of the 1st international conference on Simulation tools and techniques for communications, networks and systems \& workshops},
	pages={60},
	year={2008},
	organization={ICST (Institute for Computer Sciences, Social-Informatics and Telecommunications Engineering)}
}

@article{karagiannis2011vehicular,
	title={Vehicular networking: A survey and tutorial on requirements, architectures, challenges, standards and solutions},
	author={Karagiannis, Georgios and Altintas, Onur and Ekici, Eylem and Heijenk, Geert and Jarupan, Boangoat and Lin, Kenneth and Weil, Timothy},
	journal={IEEE communications surveys \& tutorials},
	volume={13},
	number={4},
	pages={584--616},
	year={2011},
	publisher={IEEE}
}

@INPROCEEDINGS{4068700, 
	author={S. Yousefi and M. S. Mousavi and M. Fathy}, 
	booktitle={2006 6th International Conference on ITS Telecommunications}, 
	title={Vehicular Ad Hoc Networks (VANETs): Challenges and Perspectives}, 
	year={2006}, 
	pages={761-766}, 
	keywords={ad hoc networks;driver information systems;mobile radio;MANET;VANET;driver behavior;mobile ad hoc network;mobility constraints;vehicular ad hoc network;Ad hoc networks;Cellular networks;Delay;Intelligent networks;Intelligent transportation systems;Intelligent vehicles;Mobile ad hoc networks;Protocols;USA Councils;Vehicle safety}, 
	doi={10.1109/ITST.2006.289012}, 
	month={June},}

@INPROCEEDINGS{5073834, 
	author={F. J. Ros and P. M. Ruiz and I. Stojmenovic}, 
	booktitle={VTC Spring 2009 - IEEE 69th Vehicular Technology Conference}, 
	title={Reliable and Efficient Broadcasting in Vehicular Ad Hoc Networks}, 
	year={2009}, 
	pages={1-5}, 
	keywords={ad hoc networks;broadcasting;mobile radio;protocols;broadcasting protocols;connected dominating set;efficient broadcasting;periodic beacon messages;simulation-based performance evaluation;vehicular ad hoc networks;Ad hoc networks;Adaptive algorithm;Broadcasting;Proposals;Protocols;Road transportation;Safety;Scalability;Vehicles}, 
	doi={10.1109/VETECS.2009.5073834}, 
	ISSN={1550-2252}, 
	month={April},}

@misc{canada, 
	title={Canada Population (LIVE)}, 
	url={http://www.worldometers.info/world-population/canada-population/}, 
	journal={Canada Population (2017) - Worldometers},
	urldate={2017-05-27}}

@misc{who,
	title = {Global status report on road safety 2013: supporting a	decade of action},
	url = {http://www.who.int/violence_injury_prevention/road_traffic/en/},
	urldate = {2017-05-15},
	journal={World Health Organization}
}

@MASTERSTHESIS {davidleonardorenjifoherrera2016,
	author = "David Leonardo Renjifo Herrera",
	title  = "SIMULATION OF BASIC MULTI-HOP BROADCAST TECHNIQUES IN VEHICULAR Ad-Hoc NETWORKS USING VEINS SIMULATOR",
	school = "Universitat Politècnica de Catalunya",
	year   = "2016"
}

@inproceedings{sanguesa2014topology,
	title={Topology-based broadcast schemes for urban scenarios targeting adverse density conditions},
	author={Sanguesa, Julio A and Fogue, Manuel and Garrido, Piedad and Martinez, Francisco J and Cano, Juan-Carlos and Calafate, Carlos T},
	booktitle={Wireless Communications and Networking Conference (WCNC), 2014 IEEE},
	pages={2528--2533},
	year={2014},
	organization={IEEE}
}

@article{sanguesa2014using,
	title={Using topology and neighbor information to overcome adverse vehicle density conditions},
	author={Sanguesa, Julio A and Fogue, Manuel and Garrido, Piedad and Martinez, Francisco J and Cano, Juan-Carlos and Calafate, Carlos T},
	journal={Transportation research part C: emerging technologies},
	volume={42},
	pages={1--13},
	year={2014},
	publisher={Elsevier}
}

@Article{Sanguesa_2016,
	author    = {Julio A. Sanguesa and Manuel Fogue and Piedad Garrido and Francisco J. Martinez and Juan-Carlos Cano and Carlos T. Calafate},
	title     = {A Survey and Comparative Study of Broadcast Warning Message Dissemination Schemes for {VANETs}},
	journal   = {Mobile Information Systems},
	year      = {2016},
	volume    = {2016},
	pages     = {1--18},
	doi       = {10.1155/2016/8714142},
	publisher = {Hindawi Publishing Corporation},
}

@Article{Tonguz_2010,
	author    = {Ozan Tonguz and Nawaporn Wisitpongphan and Fan Bai},
	title     = {{DV}-{CAST}: A distributed vehicular broadcast protocol for vehicular ad hoc networks},
	journal   = {{IEEE} Wireless Communications},
	year      = {2010},
	volume    = {17},
	number    = {2},
	pages     = {47--57},
	month     = {apr},
	doi       = {10.1109/mwc.2010.5450660},
	publisher = {Institute of Electrical and Electronics Engineers ({IEEE})},
}

@InProceedings{Sanguesa_2013,
	author    = {Julio Sanguesa and Manuel Fogue and Piedad Garrido and Francisco J. Martinez and Juan-Carlos Cano and Carlos T. Calafate and Pietro Manzoni},
	title     = {On the selection of optimal broadcast schemes in {VANETs}},
	booktitle = {Proceedings of the 16th {ACM} international conference on Modeling, analysis {\&} simulation of wireless and mobile systems - {MSWiM} {\textquotesingle}13},
	year      = {2013},
	publisher = {{ACM} Press},
	doi       = {10.1145/2507924.2507935},
}

@Article{Wisitpongphan_2007,
	author    = {Nawaporn Wisitpongphan and Ozan K. Tonguz and Jay Parikh and Priyantha Mudalige and Fan Bai and Varsha Sadekar},
	title     = {Broadcast storm mitigation techniques in vehicular ad hoc networks},
	journal   = {{IEEE} Wireless Communications},
	year      = {2007},
	volume    = {14},
	number    = {6},
	pages     = {84--94},
	month     = {dec},
	doi       = {10.1109/mwc.2007.4407231},
	publisher = {Institute of Electrical and Electronics Engineers ({IEEE})},
}

@Article{chitra2013efficient,
	author  = {Chitra, M and Sathya, S Siva},
	title   = {Efficient broadcasting mechanisms for data dissemination in vehicular ad hoc networks},
	journal = {International Journal of Mobile Network Communications \& Telematics (IJMNCT)},
	year    = {2013},
	volume  = {3},
	number  = {3},
	pages   = {47--63},
}

@PhdThesis{Tian2017,
	author = {Bin Tian},
	title  = {Data dissemination protocols and mobility model for {VANETs}},
	school = {Blaise Pascal - Clermont-Ferrand II},
	year   = {2017},
	type   = {phdthesis},
	url    = {https://tel.archives-ouvertes.fr/tel-01469693},
	urldate = {2017-03-13}
}

@inproceedings{tian2016trad,
	title={TrAD: Traffic Adaptive Data Dissemination Protocol for Both Urban and Highway VANETs},
	author={Tian, Bin and Hou, Kun Mean and Li, Jianjin},
	booktitle={Advanced Information Networking and Applications (AINA), 2016 IEEE 30th International Conference on},
	pages={724--731},
	year={2016},
	organization={IEEE}
}

@article{villas2014drive,
	title={Drive: An efficient and robust data dissemination protocol for highway and urban vehicular ad hoc networks},
	author={Villas, Leandro Aparecido and Boukerche, Azzedine and Maia, Guilherme and Pazzi, Richard Werner and Loureiro, Antonio AF},
	journal={Computer Networks},
	volume={75},
	pages={381--394},
	year={2014},
	publisher={Elsevier}
}

@TechReport{v2vfactsheet,
	author      = {U.S National Highway Traffic Safety Administration},
	title       = {{NHTSA ISSUES ADVANCE NOTICE OF PROPOSED RULEMAKING AND RESEARCH REPORT ON GROUND-BREAKING CRASH AVOIDANCE TECHNOLOGY: “VEHICLE-TO-VEHICLE COMMUNICATIONS: READINESS OF V2V TECHNOLOGY FOR APPLICATION”}},
	institution = {United States Department of Transportation},
	year        = {2014},
}

@Article{simsurvey,
	author    = {Francisco J. Martinez and Chai Keong Toh and Juan-Carlos Cano and Carlos T. Calafate and Pietro Manzoni},
	title     = {A survey and comparative study of simulators for vehicular ad hoc networks {(VANETs)}},
	journal   = {Wireless Communications and Mobile Computing},
	year      = {2009},
	volume    = {11},
	number    = {7},
	pages     = {813--828},
	month     = {oct},
	doi       = {10.1002/wcm.859},
	publisher = {Wiley-Blackwell},
}

@Book{tech,
	title     = {Vehicular Networking},
	publisher = {Cambridge University Press},
	year      = {2015},
	author    = {Christoph Sommer and Falko Dressler},
	doi       = {10.1017/cbo9781107110649},
}

@Misc{v2i,
	title     = {Vehicle-to-Infrastructure (V2I) Resources},
	url       = {https://www.its.dot.gov/v2i/index.htm},
	urldate = {2017-05-15},
}

@Misc{nhtsa,
	title     = {Vehicle to Vehicle Communications},
	url       = {https://www.nhtsa.gov/technology-innovation/vehicle-vehicle-communications},
	urldate = {2017-05-15},
}

@Misc{overviewomnet,
	title={{OMNeT} - Simulation Manual}, 
	url={https://omnetpp.org/doc/omnetpp/manual/}, 
	journal={OMNeT - Simulation Manual}, 
	author={Varga, Andras},
	urldate={2017-01-15}
}

@Misc{blindspot,
	title     = {Knowledge Centre: Blind Spot Detection},
	url       = {http://www.autoserviceworld.com/features/watching-cant-see/},
	urldate = {2017-05-15},
}

@Misc{interveh,
	title     = {GI/ITG KuVS Fachgespräch Inter-Vehicle Communication},
	url       = {http://fg-ivc.car2x.org/},
	urldate = {2017-05-15},
}

@Misc{ima,
	title     = {Example of V2V Intersection Movement Assist Warning scenario},
	url       = {https://icsw.nhtsa.gov/safercar/v2v/},
	urldate = {2017-05-15},
}

@Article{wave,
	author  = {Ahmed, Shereen AM and Ariffin, Sharifah HS and Fisal, Norsheila},
	title   = {Overview of wireless access in vehicular environment ({WAVE}) protocols and standards},
	journal = {Indian Journal of Science and Technology},
	year    = {2013},
	volume  = {6},
	number  = {7},
	pages   = {4994--5001},
}

@article{sommer2011traffic,
	title={Traffic information systems: efficient message dissemination via adaptive beaconing},
	author={Sommer, Christoph and Tonguz, Ozan K and Dressler, Falko},
	journal={IEEE Communications Magazine},
	volume={49},
	number={5},
	year={2011},
	publisher={IEEE}
}

@InProceedings{Wegener2017,
	author       = {Wegener, Axel and Pi{\'o}rkowski, Micha{\l} and Raya, Maxim and Hellbr{\"u}ck, Horst and Fischer, Stefan and Hubaux, Jean-Pierre},
	title        = {{TraCI}: an interface for coupling road traffic and network simulators},
	booktitle    = {Proceedings of the 11th communications and networking simulation symposium},
	year         = {2008},
	pages        = {155--163},
	organization = {ACM},
}

@inproceedings{behrisch2011sumo,
	title={{SUMO}--simulation of urban mobility: an overview},
	author={Behrisch, Michael and Bieker, Laura and Erdmann, Jakob and Krajzewicz, Daniel},
	booktitle={Proceedings of SIMUL 2011, The Third International Conference on Advances in System Simulation},
	year={2011},
	organization={ThinkMind}
}

@article{sommer2011bidirectionally,
	author = {Sommer, Christoph and German, Reinhard and Dressler, Falko},
	title = {{Bidirectionally Coupled Network and Road Traffic Simulation for Improved IVC Analysis}},
	journal = {IEEE Transactions on Mobile Computing},
	pages = {3-15},
	volume = {10},
	number = {1},
	year = {2011},
	month = {January},
	publisher = {IEEE},
	doi = {10.1109/TMC.2010.133},
}

@inproceedings{pongor1993omnet,
	title={Omnet: Objective modular network testbed},
	author={Pongor, Gy{\"o}rgy},
	booktitle={Proceedings of the International Workshop on Modeling, Analysis, and Simulation On Computer and Telecommunication Systems},
	pages={323--326},
	year={1993},
	organization={Society for Computer Simulation International}
}

@Misc{openstreetmap, 
	title={{OpenStreetMap}}, 
	url={http://www.openstreetmap.org/}, 
	journal={OpenStreetMap},
	urldate = {2017-03-26}
}

@article{krauss1997metastable,
	title={Metastable states in a microscopic model of traffic flow},
	author={Krau{\ss}, Stefan and Wagner, Peter and Gawron, Christian},
	journal={Physical Review E},
	volume={55},
	number={5},
	pages={5597},
	year={1997},
	publisher={APS}
}

@ARTICLE{30651, 
	journal={IEEE Std 145-1983}, 
	title={IEEE Standard Definitions of Terms for Antennas}, 
	year={1983}, 
	pages={1-31}, 
	keywords={antennas;glossaries;standards;IEEE Standard 145-1983;multiple-beam antennas;polarization-diversity systems;radiation characteristics;Antennas;Standards;Terminology;antennas;definitions;terms}, 
	doi={10.1109/IEEESTD.1983.82386}, 
	month={June},}

@Article{Dimitrakopoulos_2010,
	author    = {George Dimitrakopoulos and Panagiotis Demestichas},
	title     = {Intelligent Transportation Systems},
	journal   = {{IEEE} Vehicular Technology Magazine},
	year      = {2010},
	volume    = {5},
	number    = {1},
	pages     = {77--84},
	month     = {mar},
	doi       = {10.1109/mvt.2009.935537},
	publisher = {Institute of Electrical and Electronics Engineers ({IEEE})},
}

@Article{Martinez_2010,
	author    = {F J Martinez and Chai-Keong Toh and Juan-Carlos Cano and C T Calafate and P Manzoni},
	title     = {Emergency Services in Future Intelligent Transportation Systems Based on Vehicular Communication Networks},
	journal   = {{IEEE} Intelligent Transportation Systems Magazine},
	year      = {2010},
	volume    = {2},
	number    = {2},
	pages     = {6--20},
	doi       = {10.1109/mits.2010.938166},
	publisher = {Institute of Electrical and Electronics Engineers ({IEEE})},
}

@Article{Chitra_2013,
	author    = {M. Chitra and S. Siva Sathya},
	title     = {{EFFICIENT} {BROADCASTING} {MECHANISMS} {FOR} {DATA} {DISSEMINATION} {IN} {VEHICULAR} {AD} {HOC} {NETWORKS}},
	journal   = {International journal of Mobile Network Communications {\&} Telematics},
	year      = {2013},
	volume    = {3},
	number    = {3},
	pages     = {47--63},
	month     = {jun},
	doi       = {10.5121/ijmnct.2013.3306},
	publisher = {Academy and Industry Research Collaboration Center ({AIRCC})},
}

@inproceedings{xu2004vehicle,
	title={Vehicle-to-vehicle safety messaging in DSRC},
	author={Xu, Qing and Mak, Tony and Ko, Jeff and Sengupta, Raja},
	booktitle={Proceedings of the 1st ACM international workshop on Vehicular ad hoc networks},
	pages={19--28},
	year={2004},
	organization={ACM}
}

@inproceedings{torrent2005fair,
	title={Fair sharing of bandwidth in VANETs},
	author={Torrent-Moreno, Marc and Santi, Paolo and Hartenstein, Hannes},
	booktitle={Proceedings of the 2nd ACM international workshop on Vehicular ad hoc networks},
	pages={49--58},
	year={2005},
	organization={ACM}
}

@Misc{veinsdownload,
	title     = {Veins - Download},
	url       = {http://veins.car2x.org/download/},
	urldate = {2017-11-16},
}

@Misc{omnetdownload,
	title     = {OMNeT++ Discrete Event Simulator - Download},
	url       = {https://omnetpp.org/omnetpp},
	urldate = {2017-11-16},
}

@Misc{sumodownload,
	title     = {Download - Sumo},
	url       = {http://sumo.dlr.de/wiki/Downloads},
	urldate = {2017-11-16},
}

@Misc{sumolaunchd,
	title     = {sumo-launchd},
	url       = {http://veins.car2x.org/documentation/sumo-launchd/},
	urldate = {2017-11-16},
}

@INPROCEEDINGS{vanet2006, 
	author={S. Yousefi and M. S. Mousavi and M. Fathy}, 
	booktitle={2006 6th International Conference on ITS Telecommunications}, 
	title={Vehicular Ad Hoc Networks (VANETs): Challenges and Perspectives}, 
	year={2006}, 
	volume={}, 
	number={}, 
	pages={761-766}, 
	keywords={ad hoc networks;driver information systems;mobile radio;MANET;VANET;driver behavior;mobile ad hoc network;mobility constraints;vehicular ad hoc network;Ad hoc networks;Cellular networks;Delay;Intelligent networks;Intelligent transportation systems;Intelligent vehicles;Mobile ad hoc networks;Protocols;USA Councils;Vehicle safety}, 
	doi={10.1109/ITST.2006.289012}, 
	ISSN={}, 
	month={June},}

@Article{anwer2014,
	author  = {M. Shahid Anwer and Professor Chris Guy},
	title   = {A Survey of VANET Technologies},
	journal = {Journal of Emerging Trends in Computing and Information Sciences},
	year    = {2014},
}

@Comment{jabref-meta: databaseType:bibtex;}
